@Article{Carvalho2001,
Title = {Intelig{\^e}ncia competitiva numa vis\~ao de futuro},
Author = {Cl\{\textquoteright}{a}udia Carvalho and Jos\'{e} Fajardo and Joaquim Cruz},
Journal = {DataGramaZero - Revista da Ci{\^e}ncia da Informa{\c c}\~ao},
Year = {2001},
Number = {3},
Pages = {12--16},
Volume = {2},
Mounth = {junho},
Subtitle = {proposta metodol\'{o}gica},
Timestamp = {2014.09.27}
}

@Book{Barbosa2004,
Title = {Testando a utiliza{\c c}\~ao de ``et al.''},
Author = {Carlos Barbosa and {Maria da} Silva Cardoso and {Tenitos da} Silva and Carminda Soares},
Publisher = {Editora},
Year = {2004},
Address = {Cidade},
Edition = {2},
Page = {5},
Timestamp = {2014.09.24}
}

@Misc{IRL2014,
Title = {Internet Research Laboratory},
Author = {IRL},
Year = {2014},
Key = {IRL},
Timestamp = {2014.09.24},
Url = {http://irl.cs.ucla.edu/topology},
Urlaccessdate = {8 de mar{\c c}o de 2014}
}