@book{
  cormen2009,
  title={Introduction to algorithms},
  author={Cormen, Thomas H},
  year={2009},
  publisher={MIT press}
}

@misc{
  barney2016,
  author={Barney, Blaise},
  title={Introduction to Parallel Computing},
  howpublished={\url{https://computing.llnl.gov/tutorials/parallel_comp/}},
  year={2016},
  note={Acessado em 29/05/2017}
}

@article{
  ling2000,
  title={Analysis of optimal thread pool size},
  author={Ling, Yibei and Mullen, Tracy and Lin, Xiaola},
  journal={ACM SIGOPS Operating Systems Review},
  volume={34},
  number={2},
  pages={42--55},
  year={2000},
  publisher={ACM}
}

@article{
  blumofe1999,
  title={Scheduling multithreaded computations by work stealing},
  author={Blumofe, Robert D and Leiserson, Charles E},
  journal={Journal of the ACM (JACM)},
  volume={46},
  number={5},
  pages={720--748},
  year={1999},
  publisher={ACM}
}

@misc{
  ajmani2014,
  author={Ajmani, Sameer},
  title={Go Concurrency Patterns: Pipelines and cancellation},
  howpublished={\url{https://blog.golang.org/pipelines}},
  year={2014},
  note={Acessado em 29/05/2017}
}

@incollection{
  hoare1978,
  title={Communicating sequential processes},
  author={Hoare, Charles Antony Richard},
  booktitle={The origin of concurrent programming},
  pages={413--443},
  year={1978},
  publisher={Springer}
}

@article{
  hutton1992,
  title={Higher-order functions for parsing},
  author={Hutton, Graham},
  journal={Journal of functional programming},
  volume={2},
  number={3},
  pages={323--343},
  year={1992},
  publisher={Cambridge University Press}
}
